<?xml version="1.0" encoding="UTF-8"?><collection xmlns="http://www.loc.gov/MARC21/slim"><record><leader>00510nam--2200205-i-4500</leader><controlfield tag="001">000027622</controlfield><controlfield tag="002">20161230</controlfield><controlfield tag="005">20161230201036</controlfield><controlfield tag="008">060222s1000------------r-----000-0-fre-d</controlfield><datafield ind1=" " ind2=" " tag="040"><subfield code="a">IFIN-HH</subfield></datafield><datafield ind1=" " ind2=" " tag="041"><subfield code="a">fre</subfield></datafield><datafield ind1=" " ind2=" " tag="080"><subfield code="a">530.145</subfield></datafield><datafield ind1="1" ind2=" " tag="100"><subfield code="a">Landau, L</subfield></datafield><datafield ind1="1" ind2="0" tag="245"><subfield code="a">Theorie du champ</subfield><subfield code="c">L. Landau, E. Lifchitz</subfield></datafield><datafield ind1=" " ind2=" " tag="260"><subfield code="a">Moscou, Editions De La Paix, F.An.,</subfield></datafield><datafield ind1=" " ind2=" " tag="300"><subfield code="a">471P</subfield></datafield><datafield ind1=" " ind2=" " tag="490"><subfield code="a">Physique Theorique</subfield><subfield code="v">vol. II</subfield></datafield><datafield ind1="1" ind2=" " tag="700"><subfield code="a">Lifchitz, E</subfield></datafield><datafield ind1=" " ind2=" " tag="852"><subfield code="a">44531</subfield><subfield code="c">531</subfield></datafield><datafield ind1=" " ind2=" " tag="CAT"><subfield code="a">Sys</subfield><subfield code="c">20100628</subfield><subfield code="h">141408</subfield></datafield></record></collection>